@Book{textmining2017,
  author = {Julia Silge and David Robinson},
  title = {Text Mining with R},
  year = {2017},
  publisher = {O'Reilly},
  url = {http://www.tidytextmining.com}
}

@Book{wickham2016,
  author = {Hadley Wickham and Garrett Grolemund},
  title = "{R for Data Science}",
  year = {2017},
  publisher = {O'Reilly},
  url = {https://r4ds.had.co.nz/index.html}
}

@Book{winter2020,
  author = {Bodo Winter},
  title = "{Statistics for Linguists: An Introduction Using R}",
  year = {2020},
  publisher = {Routledge}
}


@Book{мастицкий2015,
  author = "{С. Мастицкий и В. Шитиков}",
  title = "{Статистический анализ и визуализация данных с помощью R}",
  year = {2015},
  publisher = {ДМК}
}

@Book{мэтлофф2019,
  author = {Норман Мэтлофф},
  title = "{Искусство программирования на R}",
  year = {2019},
  publisher = {Питер}
}

@Book{Baayen2008,
  author = {R.H. Baayen},
  title = "{Analyzing Linguistic Data: A Practical Introduction to Statistics using R}",
  year = {2008},
  publisher = {Cambridge University Press}
}

@Manual{буховец2015,
  author = "{А. Буховец и П. Москалев}",
  title = "{Алгоритмы вычислительной статистики в системе R: Учебное пособие}",
  year = {2015},
  publisher = {Лань}
}

@Book{campbell1867,
  author = {Lewis Campbell},
  title = "{The Sophistes and Politicus of Plato with a Revised Text and English Notes}",
  year = {1867},
  publisher = {Clarendon Press}
}

@Book{sarkar2008,
  author = {Deepayan Sarkar},
  title = {Lattice: Multivariate Data Visualization with R},
  year = {2008},
  publisher = {Springer}
}

@Book{мастицкий2017,
  author = {Сергей Мастицкий},
  title = {Визуализация данных с помощью ggplot2},
  year = {2017},
  publisher = {ДМК}
}

@Book{nolan2014,
  author = {D. Nolan and D.T. Lang},
  title = {XML and Web Technologies for Data Science with R},
  publisher = {Springer},
  year ={2014}
}

@Book{xml2004,
  author = {Стивен Холзнер},
  title = "{Энциклопедия XML}",
  year = {2004},
  publisher = {Питер}
}

@Book{jockers2014, 
  author = {Matthew L. Jockers},
  title = {Text Analysis with R for Students of Literature},
  publisher = {Springer},
  year = {2014}
}
  
@Book{hvitfeldt2022, 
  author = {Emil Hvitfeldt and Julia Silge},
  title = "{Supervised Machine Learning for Text Analysis in R}",
  publisher = {Taylor and Francis},
  year = {2022}
  }
